% This file was created with JabRef 2.10.
% Encoding: UTF8


@Online{ASSB2011,
  Title                    = {Rahmenkonzeption Berufsschulsozialarbeit. Überarbeitete Fassung März 2011},
  Author                   = {{Arbeitskreis Schulsozialarbeit an beruflichen Schulen in Bayern}},
  Url                      = {http://www.berufsschulsozialarbeit-bayern-ak.de/},
  Year                     = {2011},
  Urldate                  = {2013-08-01},

  Owner                    = {Admin},
  Timestamp                = {2015.08.17}
}

@Book{Braun2006,
  Title                    = {Soziale Arbeit in der Schule},
  Author                   = {Karl-Heinz Braun AND Konstanze Wetzel},
  Year                     = {2006},
  Location                 = {München AND Basel},
  Publisher                = {Ernst Reinhard Verlag},

  Owner                    = {Admin},
  Timestamp                = {2015.08.17}
}

@Book{Hemmerling2015,
  Title                    = {Qualitative Einzelfallstudie am DRK Bildungswerk Sachsen. Seminarabeit in der Fachrichtung Gesundheit\&Pflege. TU Dresden},
  Author                   = {Juliane Hemmerling AND Janet Kaiser AND Anne Krause AND Doreen Stichel AND Daniela Wobst},
  Year                     = {2015},

  Address                  = {Dresden},
  Owner                    = {Admin},
  Timestamp                = {2015.08.17}
}

@Book{Kallus2010,
  Title                    = {Erstellung von Fragebogen},
  Author                   = {K. Wolfgang Kallus},
  Year                     = {2010},
  Publisher                = {Facultas Verlags- und Buchhandels AG},

  Address                  = {Wien},
  Owner                    = {Admin},
  Timestamp                = {2015.08.17}
}

@Book{Kromrey1995,
  Title                    = {Empirische Sozialforschung-Modelle und Methoden der Datenerhebung und Datenauswertung},
  Author                   = {Helmut Kromrey},
  Year                     = {1995},
  Publisher                = {Opladen},

  Owner                    = {Admin},
  Timestamp                = {2015.08.17}
}

@Book{Krueger2014,
  Title                    = {Methoden in der naturwissenschafts-didaktischen Forschung},
  Author                   = {Dirk Krüger AND Ilka Parchmann AND Horst Schecker},
  Year                     = {2014},
  Editor                   = {Horst Schecker},
  Publisher                = {Springer Verlag},

  Address                  = {Berlin AND Heidelberg},
  Owner                    = {Admin},
  Timestamp                = {2015.08.17}
}

@Book{Mayer2013,
  Title                    = {Interview und schriftliche Befragung. Grundlagen und Methoden empirischer Sozialforschung},
  Author                   = {Horst Otto Mayer},
  Year                     = {2013},
  Edition                  = {6. Auflage},
  Publisher                = {Oldenbourg Verlag},

  Address                  = {München},
  Owner                    = {Admin},
  Timestamp                = {2015.08.17}
}

@Book{Speck2007,
  Title                    = {Schulsozialarbeit. Eine Einführung.},
  Author                   = {Speck, Karsten},
  Year                     = {2007},
  Publisher                = {Ernst Reinhardt Verlag},

  Address                  = {München},
  Owner                    = {Admin},
  Timestamp                = {2015.07.26}
}

